%%%%%%%%%%%%%%%%%%%%%%%%%%%%%%%%%%%%%%%%%%%%%%%%%%%%%%%%%%%%%%%%%%%%%%%%%%%%%
%%
%A  $Id: descent.bib,v 1.76 2009/05/04 13:15:22 goetz Exp $
%%
%%  A bibliography for Descent Algebras.
%%

@preamble {
  "\newcommand{\doi}[1]{doi:\href{http://dx.doi.org/#1}{#1}}"
}

@string{Geck = "Meinolf Geck"}
@string{Hiss = "Gerhard Hi{\ss}"}
@string{Luebeck = "Frank L{\"u}beck"}
@string{Malle = "Gunter Malle"}
@string{Pfeiffer = "G{\"o}tz Pfeiffer"}
@String{AAECC = "Appl. Algebra Engrg. Comm. Comput."}
@string{RWTH = "RWTH Aachen"}
@string{LDfM = "Lehrstuhl D f{\"u}r Mathematik, " # RWTH}
@String{CUP = {Cambridge University Press}}


@book {AssemEtAl2006,
    AUTHOR = {Assem, Ibrahim and Simson, Daniel and Skowro{\'n}ski, Andrzej},
     TITLE = {Elements of the representation theory of associative algebras.
              {V}ol. 1},
    SERIES = {London Mathematical Society Student Texts},
    VOLUME = 65,
      NOTE = {Techniques of representation theory},
 PUBLISHER = {Cambridge University Press},
   ADDRESS = {Cambridge},
      YEAR = 2006,
     PAGES = {x+458},
      ISBN = {978-0-521-58423-4; 978-0-521-58631-3; 0-521-58631-3},
   MRCLASS = {16G10 (16-02)},
  MRNUMBER = {2197389 (2006j:16020)},
MRREVIEWER = {P. Donovan},
}
		

@Article{AtPfWi02,
  author =	 {Atkinson, M. D. and Pfeiffer, G. and van
                  Willigenburg, S. J.},
  title =	 {The {$p$}-Modular Descent Algebras},
  journal =	 {Algebr. Represent. Theory},
  year =	 2002,
  volume =	 5,
  pages =	 {101--113},
  MRNUMBER = {2003f:20058},
}

@Article{Atkinson1986,
  author =	 {Atkinson, M. D.},
  title =	 {A new proof of a theorem of {Solomon}},
  journal =	 {Bull. London Math. Soc.},
  year =	 1986,
  volume =	 18,
  pages =	 {351--354},
MRNUMBER = {87f:20043},
}

@Article{Atkinson1992,
  author =	 {Atkinson, M. D.},
  title =	 {Solomon's Descent Algebra Revisited},
  journal =	 {Bull. London Math. Soc.},
  year =	 1992,
  volume =	 24,
  pages =	 {545--551},
 MRNUMBER = {93i:20012},
}

@Article{BeBeHoTa92,
  author =	 {Bergeron, F. and Bergeron, N. and Howlett, R. B. and
                  Taylor, D. E.},
  title =	 {A Decomposition of the Descent Algebra of a Finite
                  {Coxeter} Group},
  journal =	 {J. Algebraic Combinatorics},
  year =	 1992,
  volume =	 1,
  pages =	 {23--44},
  MRNUMBER = {93g:20079},
}

@Article{BeWi1998,
  author =	 {Bergeron, Nantel and van Willigenburg, Stephanie},
  title =	 {A Multiplication Rule for the Descent Algebra of
                  Type {$D$}},
  journal =	 {J. Algebra},
  year =	 1998,
  volume =	 206,
  pages =	 {699-705},
  MRNUMBER = {99f:20008},
}

@Article{Bergeron1992,
  author =	 {Bergeron, Nantel},
  title =	 {A Decomposition of the Descent Algebra of the
                  Hyperoctahedral Group, {II}},
  journal =	 {J. Algebra},
  year =	 1992,
  volume =	 148,
  pages =	 {98--122},
 MRNUMBER = {93d:20078},
}

@Article{BergeronBergeron1992,
  author =	 {Bergeron, F. and Bergeron, N.},
  title =	 {A Decomposition of the Descent Algebra of the
                  Hyperoctahedral Group, {I}},
  journal =	 {J. Algebra},
  year =	 1992,
  volume =	 148,
  pages =	 {86--97},
 MRNUMBER = {93d:20077},
}

@Article{BergeronGarsiaReutenauer1992,
  author =	 {Bergeron, F. and Garsia, A. and Reutenauer, C.},
  title =	 {Homomorphisms between {Solomon's} Descent Algebras},
  journal =	 {J. Algebra},
  year =	 1992,
  volume =	 150,
  pages =	 {503--519},
 MRNUMBER = {93i:20013},
}


@PhdThesis{bidigare1997,
  author = 	 {Bidigare, T. P.},
  title = 	 {Hyperplane arrangement face algebras and their associated {Markov} chains},
  school = 	 {Univ. Michigan},
  year = 	 1997
}

@Article{BHS2005,
  author = 	 {Blessenohl, Dieter and Hohlweg, Christophe and Schocker, Manfred},
  title = 	 {A symmetry of the descent algebra of a finite {Coxeter} group},
  journal = 	 {Adv. Math.},
  year = 	 2005,
volume = 193,
pages = {416--437},
  MRNUMBER = {2005m:20089},
}

@Article{BlessenohlLaue1996,
  author =	 {Blessenohl, D. and Laue, H.},
  title =	 {On the descending {Loewy} series of {Solomon's}
                  descent algebra},
  journal =	 {J. Algebra},
  year =	 1996,
  volume =	 180,
  pages =	 {698--724},
  MRNUMBER = {97g:05170},
}

@article {BlessenohlLaue2002,
    AUTHOR = {Blessenohl, Dieter and Laue, Hartmut},
     TITLE = {The module structure of {S}olomon's descent algebra},
   JOURNAL = {J. Aust. Math. Soc.},
    VOLUME = 72,
      YEAR = 2002,
     PAGES = {317--333},
  MRNUMBER = {2003c:20012},
MRREVIEWER = {Christophe Hohlweg},
}


Misc{BonnafePfeiffer2006,
  author =	 {Bonnaf\'e, C. and Pfeiffer, G.},
  title =	 {Around Solomon's Descent Algebras},
  howpublished = {submitted},
    eprint = {arXiv:math.RT/0601317},
    note = {arXiv:math.RT/0601317},
  year =	 2006
}

@Article{BonnafePfeiffer2008,
  author = 	 {Bonnaf\'e, C. and Pfeiffer, G.},
  title = 	 {Around {Solomon's} Descent Algebras},
  journal = 	 {Algebr. Represent. Theory},
  year = 	 2008,
  volume = 11,
  pages = {577-602},
    eprint = {arXiv:math.RT/0601317},
    note = {\doi{10.1007/s10468-008-9090-9}},
}

@book{Bourbaki1968,
    AUTHOR = {Bourbaki, N.},
     TITLE = {{G}roupes
              et alg\`ebres de {L}ie. {C}hapitres {IV}--{VI}},
 PUBLISHER = {Hermann},
   ADDRESS = {Paris},
      YEAR = 1968,
     PAGES = {288 pp. (loose errata)},
  MRNUMBER = {39 \#1590},
}

@article {BrinkHowlett1993,
    author = {Brink, Brigitte and Howlett, Robert B.},
     title = {A finiteness property and an automatic structure for {C}oxeter
              groups},
   journal = {Math. Ann.},
  fjournal = {Mathematische Annalen},
    volume = 296,
      year = 1993,
    number = 1,
     pages = {179--190},
      issn = {0025-5831},
     coden = {MAANA},
   mrclass = {20F55 (20F10)},
  mrnumber = {94d:20045},
mrreviewer = {D. F. Holt},
}


Article{BriHow99,
  author =	 {Brink, Brigitte and Howlett, Robert B.},
  title =	 {Normalizers of parabolic subgroups in {Coxeter}
                  groups},
  journal =	 InventM,
  year =	 1999,
  volume =	 136,
  pages =	 {323--351},
  annote =	 {DOI 10.1007/s002229900904},
}

@article {BrinkHowlett1999,
    AUTHOR = {Brink, Brigitte and Howlett, Robert B.},
     TITLE = {Normalizers of parabolic subgroups in {C}oxeter groups},
   JOURNAL = {Invent. Math.},
    VOLUME = 136,
      YEAR = 1999,
     PAGES = {323--351},
  MRNUMBER = {2000b:20048},
}

@incollection {brown2004,
    AUTHOR = {Brown, Kenneth S.},
     TITLE = {Semigroup and ring theoretical methods in probability},
 BOOKTITLE = {Representations of finite dimensional algebras and related
              topics in Lie theory and geometry},
    SERIES = {Fields Inst. Commun.},
    VOLUME = 40,
     PAGES = {3--26},
 PUBLISHER = {Amer. Math. Soc.},
   ADDRESS = {Providence, RI},
      YEAR = 2004,
   MRCLASS = {60G50 (20M99 60B15 60J10)},
  MRNUMBER = {2005b:60118},
MRREVIEWER = {Michael Voit},
}

@Book{burnside11,
  author =	 {W. Burnside},
  title = 	 {Theory of groups of finite order},
  publisher = 	 CUP,
  year = 	 1911,
  edition =	 {2nd},
  note =	 {Dover reprint 1955.}
}

@article {Carter1986,
    AUTHOR = {Carter, R. W.},
     TITLE = {Representation theory of the {$0$}-{H}ecke algebra},
   JOURNAL = {J. Algebra},
  FJOURNAL = {Journal of Algebra},
    VOLUME = {104},
      YEAR = {1986},
    NUMBER = {1},
     PAGES = {89--103},
      ISSN = {0021-8693},
     CODEN = {JALGA4},
   MRCLASS = {20C15 (16A65 20G05)},
  MRNUMBER = {865891 (88a:20014)},
MRREVIEWER = {David Benson},
}

@book{Carter2,
  author =	 "Carter, Roger W.",
  title =	 "Finite Groups of {L}ie Type: Conjugacy Classes and
                  Complex Characters",
  publisher =	 "Wiley, New York",
  year =	 1985,
  note =	 "reprinted 1993 as {W}iley {C}lassics {L}ibrary
                  {E}dition",
}

@article {Casselman2002,
    author = {Casselman, Bill},
     title = {Computation in {C}oxeter groups. {I}. {M}ultiplication},
   journal = {Electron. J. Combin.},
  fjournal = {Electronic Journal of Combinatorics},
    volume = 9,
      year = 2002,
    number = 1,
     pages = {Research Paper 25, 22 pp. (electronic)},
      issn = {1077-8926},
   mrclass = {20F55 (20-04 20F65)},
  mrnumber = {2003h:20072},
mrreviewer = {E. F. Robertson},
}
		

@article {duCloux1999,
    author = {du Cloux, Fokko},
     title = {A transducer approach to {C}oxeter groups},
   journal = {J. Symbolic Comput.},
  fjournal = {Journal of Symbolic Computation},
    volume = 27,
      year = 1999,
    number = 3,
     pages = {311--324},
      issn = {0747-7171},
   mrclass = {20F55 (05E15 20-04)},
  mrnumber = {99k:20084},
mrreviewer = {Stephen P. Humphries},
}

@article {DoPfRo2012,
    AUTHOR = {Douglass, J. Matthew and Pfeiffer, G{\"o}tz and R{\"o}hrle,
              Gerhard},
     TITLE = {An inductive approach to {C}oxeter arrangements and
              {S}olomon's descent algebra},
   JOURNAL = {J. Algebraic Combin.},
  FJOURNAL = {Journal of Algebraic Combinatorics. An International Journal},
    VOLUME = {35},
      YEAR = {2012},
    NUMBER = {2},
     PAGES = {215--235},
      ISSN = {0925-9899},
     CODEN = {JAOME7},
   MRCLASS = {05E99 (20F55 52C99)},
  MRNUMBER = {2886288 (2012m:05431)},
MRREVIEWER = {Vladimir L. Popov},
       DOI = {10.1007/s10801-011-0301-9},
       URL = {http://dx.doi.org/10.1007/s10801-011-0301-9},
}
@PhdThesis{Dyer1987,
  author = 	 {Dyer, Matthew John},
  title = 	 {Hecke algebras and reflections in {Coxeter} groups},
  school = 	 {University of Sydney},
  year = 	 1987,
  month =	 {August}
}

@misc{FelderVeselov2004,
    title = {Coxeter group actions on the complement of hyperplanes and
        special involutions},
    author = {Giovanni Felder and Alexander P. Veselov},
    eprint = {arXiv:math.RT/0311190},
    note = {arXiv:math.RT/0311190},
}

@article {FelderVeselov2005,
    AUTHOR = {Felder, G. and Veselov, A. P.},
     TITLE = {Coxeter group actions on the complement of hyperplanes and
              special involutions},
   JOURNAL = {J. Eur. Math. Soc. (JEMS)},
  FJOURNAL = {Journal of the European Mathematical Society (JEMS)},
    VOLUME = 7,
      YEAR = 2005,
     PAGES = {101--116},
  MRNUMBER = {2006c:20082},
}


@article {Fleischmann2002,
    AUTHOR = {Fleischmann, Peter},
     TITLE = {On pointwise conjugacy of distinguished coset representatives
              in {C}oxeter groups},
   JOURNAL = {J. Group Theory},
  FJOURNAL = {Journal of Group Theory},
    VOLUME = 5,
      YEAR = 2002,
    NUMBER = 3,
     PAGES = {269--283},
      ISSN = {1433-5883},
     CODEN = {JGTHFQ},
   MRCLASS = {20F55 (51F15)},
  MRNUMBER = {1914344 (2003f:20059)},
MRREVIEWER = {Stephen P. Humphries},
}

@article {FleischmannJaniszczak1991,
    AUTHOR = {Fleischmann, Peter and Janiszczak, Ingo},
     TITLE = {The lattices and {M}\"obius functions of stable closed
              subrootsystems and hyperplane complements for classical {W}eyl
              groups},
   JOURNAL = {Manuscripta Math.},
    VOLUME = 72,
      YEAR = 1991,
     PAGES = {375--403},
  MRNUMBER = {92f:52025},
}

@article {FleischmannJaniszczak1993,
    AUTHOR = {Fleischmann, Peter and Janiszczak, Ingo},
     TITLE = {Combinatorics and {P}oincar\'e polynomials of hyperplane
              complements for exceptional {W}eyl groups},
   JOURNAL = {J. Combin. Theory Ser. A},
    VOLUME = 63,
      YEAR = 1993,
     PAGES = {257--274},
  MRNUMBER = {94e:52013},
}

@Article{GarReut1989,
  author =	 {Garsia, A. M. and Reutenauer, C.},
  title =	 {A decomposition of {Solomon's} descent algebra},
  journal =	 {Adv. Math.},
  year =	 1989,
  volume =	 77,
  pages =	 {189--262},
 MRNUMBER = {91c:20007},
}

@Book{GePf2000,
  author =	 {Geck, Meinolf and Pfeiffer, G{\"o}tz},
  title =	 {Characters of finite {Coxeter} groups and
                  {Iwahori-Hecke} algebras},
  publisher =	 {Oxford University Press},
  ADDRESS = {New York},
   year =	 2000,
  volume =	 21,
    SERIES = {London Mathematical Society Monographs. New Series},
     PAGES = {xvi+446},
  MRNUMBER = {2002k:20017},
}

@Article{GesselReut1993,
  author =	 {Gessel, I. and Reutenauer, C.},
  title =	 {Counting permutations with given cycle structure and
                  descent set},
  JOURNAL = {J. Combin. Theory Ser. A},
  year =	 1993,
  volume =	 64,
  pages =	 {189--215},
 MRNUMBER = {95g:05006},
}

@Article{Howlett1980,
  author =	 {Howlett, Robert. B.},
  title =	 {Normalizers of parabolic subgroups of reflection
                  groups},
  journal =	 {J. London Math. Soc. (2)},
  year =	 1980,
  volume =	 21,
  pages =	 {62--80},
  MRNUMBER =	 {81g:20094},
}

@article {HowLeh1982,
    AUTHOR = {Howlett, R. B. and Lehrer, G. I.},
     TITLE = {Duality in the normalizer of a parabolic subgroup of a finite
              {C}oxeter group},
   JOURNAL = {Bull. London Math. Soc.},
  FJOURNAL = {The Bulletin of the London Mathematical Society},
    VOLUME = 14,
      YEAR = 1982,
    NUMBER = 2,
     PAGES = {133--136},
      ISSN = {0024-6093},
     CODEN = {LMSBBT},
   MRCLASS = {20H15 (20C15)},
  MRNUMBER = {647196 (83e:20049)},
MRREVIEWER = {Bhama Srinivasan},
       DOI = {10.1112/blms/14.2.133},
       URL = {http://dx.doi.org/10.1112/blms/14.2.133},
}

@article {JoellenbeckReutenauer2001,
    AUTHOR = {J{\"o}llenbeck, A. and Reutenauer, C.},
     TITLE = {Eine {S}ymmetrieeigenschaft von {S}olomons {A}lgebra und der
              h\"oheren {L}ie-{C}haraktere},
   JOURNAL = {Abh. Math. Sem. Univ. Hamburg},
  FJOURNAL = {Abhandlungen aus dem Mathematischen Seminar der Universit\"at
              Hamburg},
    VOLUME = 71,
      YEAR = 2001,
     PAGES = {105--111},
      ISSN = {0025-5858},
     CODEN = {AMHAAJ},
   MRCLASS = {20C30 (05E10)},
  MRNUMBER = {1872717 (2002m:20021)},
MRREVIEWER = {Christine Bessenrodt},
}

@Article{Knuth1991,
  author = 	 {Knuth, Donald E.},
  title = 	 {Efficient representation of perm groups},
  journal = 	 {Combinatorica},
  year = 	 1991,
  volume =	 11,
  number =	 1,
  pages =	 {33--43},
MRCLASS = {20B40 (20-04 68Q25)},
MRNUMBER = {1112272 (93a:20009)},
}

@Article{Knuth1992,
  author = 	 {Knuth, Donald E.},
  title = 	 {Two notes on notation},
  journal = 	 {Amer. Math. Monthly},
  year = 	 1992,
  volume =	 99,
  number =	 5,
  pages =	 {403--422},
MRCLASS = {05-01 (00A35)},
MRNUMBER = {1163629 (93f:05001)},
}

@Article{KoPfRo2011,
  author = 	 {Konvalinka, M. and Pfeiffer, G. and R{\"o}ver, C.},
  title = 	 {A Note on Element Centralizers in Finite {Coxeter} Groups},
   JOURNAL = {J. Group Theory},
  year = 	 {to appear},
       DOI = {10.1515/JGT.2010.074},
       URL = {http://dx.doi.org/10.1515/JGT.2010.074},
  note = {arxiv:1005:1186},
}

@article {LeConte1994,
  AUTHOR =	 {Le Conte de Poly-Barbut, C.},
  TITLE =	 {Sur les treillis de {C}oxeter finis},
  JOURNAL =	 {Math. Inform. Sci. Humaines},
  volume =	 125,
  YEAR =	 1994,
  PAGES =	 {41--57},
  ISSN =	 {0995-2314},
  MRCLASS =	 {20F55 (06D15)},
  MRNUMBER =	 {95f:20064},
}

@article {LeConte1997,
  AUTHOR =	 {Le Conte de Poly-Barbut, Claude},
  TITLE =	 {Treillis de {C}ayley des groupes de {C}oxeter
                  finis. {C}onstructions par r\'ecurrence et
                  d\'ecompositions sur des quotients},
  JOURNAL =	 {Math. Inform. Sci. Humaines},
  volume =	 140,
  YEAR =	 1997,
  PAGES =	 {11--33},
  ISSN =	 {0995-2314},
  MRCLASS =	 {20F55},
  MRNUMBER =	 {99g:20076},
}

@incollection {Lehrer1987a,
    AUTHOR = {Lehrer, G. I.},
     TITLE = {On hyperoctahedral hyperplane complements},
 BOOKTITLE = {The Arcata Conference on Representations of Finite Groups
              (Arcata, Calif., 1986)},
    SERIES = {Proc. Sympos. Pure Math.},
    VOLUME = 47,
     PAGES = {219--234},
 PUBLISHER = {Amer. Math. Soc.},
   ADDRESS = {Providence, RI},
      YEAR = 1987,
  MRNUMBER = {89g:20079},
}

@article {Lehrer1987b,
    AUTHOR = {Lehrer, G. I.},
     TITLE = {On the {P}oincar\'e series associated with {C}oxeter group
              actions on complements of hyperplanes},
   JOURNAL = {J. London Math. Soc. (2)},
    VOLUME = 36,
      YEAR = 1987,
     PAGES = {275--294},
  MRNUMBER = {88k:32037},
}

@article {Lusztig1976,
    AUTHOR = {Lusztig, G.},
     TITLE = {Coxeter orbits and eigenspaces of {F}robenius},
   JOURNAL = {Invent. Math.},
    VOLUME = 38,
      YEAR = {1976/77},
    NUMBER = 2,
     PAGES = {101--159},
   MRCLASS = {20G05},
  MRNUMBER = {56 \#12138},
MRREVIEWER = {David Kazhdan},
}

@Article{Lusztig2005,
  author = 	 {Lusztig, G.},
  title = 	 {A $q$-analogue of an identity of {N.~Wallach}},
  journal = 	 {to appear},
  year = 	 2005,
    eprint = {arXiv:math.RT/0311158},
    note = {arXiv:math.RT/0311158}
}

@article {Norton1979,
    AUTHOR = {Norton, P. N.},
     TITLE = {{$0$}-{H}ecke algebras},
   JOURNAL = {J. Austral. Math. Soc. Ser. A},
  FJOURNAL = {Australian Mathematical Society. Journal. Series A},
    VOLUME = 27,
      YEAR = 1979,
    NUMBER = 3,
     PAGES = {337--357},
      ISSN = {0263-6115},
     CODEN = {JAMADS},
   MRCLASS = {16A48 (17B10)},
  MRNUMBER = {532754 (80e:16015)},
MRREVIEWER = {S. B. Conlon},
}
	

@book {OrlikTereao1992,
    AUTHOR = {Orlik, Peter and Terao, Hiroaki},
     TITLE = {Arrangements of hyperplanes},
    SERIES = {Grundlehren der Mathematischen Wissenschaften [Fundamental
              Principles of Mathematical Sciences]},
    VOLUME = 300,
 PUBLISHER = {Springer-Verlag},
   ADDRESS = {Berlin},
      YEAR = 1992,
     PAGES = {xviii+325},
      ISBN = {3-540-55259-6},
   MRCLASS = {52B30 (14F35 20F36 20F55 32S25 57N65)},
  MRNUMBER = {MR1217488 (94e:52014)},
MRREVIEWER = {Michel Yves Jambu},
}

@article {PatrasSchocker2006,
    AUTHOR = {Patras, Fr{\'e}d{\'e}ric and Schocker, Manfred},
     TITLE = {Twisted descent algebras and the {S}olomon-{T}its algebra},
   JOURNAL = {Adv. Math.},
    VOLUME = 199,
      YEAR = 2006,
     PAGES = {151--184},
   MRCLASS = {16W30 (05E99)},
  MRNUMBER = {2006k:16086},
}

@Article{PfeifferRoehrle2003,
  author =	 {Pfeiffer, G\"otz and R\"ohrle, Gerhard},
  title =	 {Distributive coset graphs of finite {Coxeter}
                  groups},
  journal =	 {J. Group Theory},
  year =	 2003,
  volume =	 6,
  pages =	 {311-320},
  MRNUMBER = {2004d:20043},
}

@article {PfeifferRoehrle2005,
    AUTHOR = {Pfeiffer, G{\"o}tz and R{\"o}hrle, Gerhard},
     TITLE = {Special involutions and bulky parabolic subgroups in finite
              {C}oxeter groups},
   JOURNAL = {J. Aust. Math. Soc.},
    VOLUME = 79,
      YEAR = 2005,
    NUMBER = 1,
     PAGES = {141--147},
  MRNUMBER = {2006d:20068},
}

@article {Pfeiffer1994,
    AUTHOR = {Pfeiffer, G{\"o}tz},
     TITLE = {Character tables of {W}eyl groups in {GAP}},
   JOURNAL = {Bayreuth. Math. Schr.},
  FJOURNAL = {Bayreuther Mathematische Schriften},
    NUMBER = 47,
      YEAR = 1994,
     PAGES = {165--222},
      ISSN = {0172-1062},
   MRCLASS = {20C40 (20C15 20D06 20F40)},
  MRNUMBER = {95d:20027},
MRREVIEWER = {Stephen A. Linton},
}

@Article{pfeiffer-quiver,
  author =	 {Pfeiffer, G{\"o}tz},
  title =	 {A quiver presentation of {Solomon's} descent algebra},
  year =	 2007,
  journal = {submitted},
  pages = {45 pages},
  eprint = 	 {arXiv:0709.3914},
  note = {arXiv:\href{http://arxiv.org/abs/0709.3914}{0709.3914}},
}

@Article{Pfeiffer2009,
  author =	 {Pfeiffer, G{\"o}tz},
  title =	 {A quiver presentation of {Solomon's} descent algebra},
  journal =      {Adv. Math.},
  volume =       220,
  year =	 2009,
  pages =        {1428--1465},
}


@Misc{pfeiffer-quivefhi,
  author =	 {Pfeiffer, G{\"o}tz},
  title =	 {Quiver Presentations for Descent Algebras of Exceptional Type},
  howpublished = {preprint},
  year =	 2008,
  eprint = 	 {arXiv:0810.2743},
  note =         {arXiv:\href{http://arxiv.org/abs/0810.2743}{0810.2743}},
}


@Article{Richardson1982,
  author =	 {Richardson, R. W.},
  title =	 {Conjugacy classes of involutions in {Coxeter}
                  groups},
  journal =	 {Bull. Austral. Math. Soc.},
  year =	 1982,
  volume =	 26,
  pages =	 {1--15},
 MRNUMBER = {84c:20056},
}


@Misc{saliola2005,
  author =	 {Saliola, Franco V.},
  title =	 {The Face Semigroup Algebra of a Hyperplane Arrangement},
  howpublished = {arXiv:math.RA/0511717},
  year =	 2005,
  eprint = 	 {arXiv:math.RA/0511717}
}

Misc{saliola2007a,
  author =	 {Saliola, Franco V.},
  title =	 {On the quiver of the descent algebra},
  howpublished = {arXiv:0708.4213},
  year =	 2007,
  eprint = 	 {arXiv:0708.4213},
}

@Article{saliola2008,
  author =	 {Saliola, Franco V.},
  title =	 {On the quiver of the descent algebra},
  journal =      {J. Algebra},
  year =	 2008,
  volume =       320,
  pages =        {3866--3894},
  eprint = 	 {arXiv:0708.4213},
  note =         {\doi{10.1016/j.jalgebra.2008.07.009}}
}

@Misc{saliola2007b,
  author =	 {Saliola, Franco V.},
  title =	 {The {Loewy} length of the descent algebra of type {$D$}},
  howpublished = {preprint},
  year =	 2007,
  eprint = 	 {arXiv:0708.4070},
  note = {arXiv:\href{http://arxiv.org/abs/0708.4070}{0708.4070}},
}

@Article{Schocker2001,
  author =	 {Schocker, Manfred},
  title =	 {{\"Uber die h\"oheren Lie-Darstellungen der
                  symmetrischen Gruppen}},
  journal =	 {Bayreuth. Math. Schr.},
  year =	 2001,
  volume =	 63,
  pages =	 {103--263},
  MRNUMBER = {2002i:20018},
}

@article {Schocker2003,
    AUTHOR = {Schocker, Manfred},
     TITLE = {A generating set of {S}olomon's descent algebra},
   JOURNAL = {J. Algebra},
    VOLUME = 263,
      YEAR = 2003,
     PAGES = {151--158},
   MRCLASS = {20C30 (05E10)},
  MRNUMBER = {2004a:20018},
}

@incollection {Schocker2004,
    AUTHOR = {Schocker, Manfred},
     TITLE = {The descent algebra of the symmetric group},
 BOOKTITLE = {Representations of finite dimensional algebras and related
              topics in Lie theory and geometry},
    SERIES = {Fields Inst. Commun.},
    VOLUME = 40,
     PAGES = {145--161},
 PUBLISHER = {Amer. Math. Soc.},
   ADDRESS = {Providence, RI},
      YEAR = 2004,
   MRCLASS = {20C30 (17B01 20-02)},
  MRNUMBER = {2005c:20023},
MRREVIEWER = {Christophe Hohlweg},
}

@article {Schocker2006,
    AUTHOR = {Schocker, Manfred},
     TITLE = {The module structure of the {S}olomon-{T}its algebra of the
              symmetric group},
   JOURNAL = {J. Algebra},
    VOLUME = 301,
      YEAR = 2006,
     PAGES = {554--586},
   MRCLASS = {20C30 (05E05 16W30 20M25)},
  MRNUMBER = {2007e:20024},
}
		

@article {Solomon1966,
    AUTHOR = {Solomon, Louis},
     TITLE = {The orders of the finite {C}hevalley groups},
   JOURNAL = {J. Algebra},
  FJOURNAL = {Journal of Algebra},
    VOLUME = 3,
      YEAR = 1966,
     PAGES = {376--393},
      ISSN = {0021-8693},
   MRCLASS = {20.70},
  MRNUMBER = {0199275 (33 \#7424)},
MRREVIEWER = {T. Ono},
}


@article {Solomon1968,
    AUTHOR = {Solomon, Louis},
     TITLE = {A decomposition of the group algebra of a finite {C}oxeter
              group},
   JOURNAL = {J. Algebra},
  FJOURNAL = {Journal of Algebra},
    VOLUME = 9,
      YEAR = 1968,
     PAGES = {220--239},
      ISSN = {0021-8693},
   MRCLASS = {20.80},
  MRNUMBER = {0232868 (38 \#1191)},
MRREVIEWER = {T. Ono},
}


@Article{Solomon1976,
  author =	 {Solomon, L.},
  title =	 {A {Mackey} formula in the group ring of a {Coxeter}
                  group},
  journal =	 {J. Algebra},
  year =	 1976,
  volume =	 41,
  pages =	 {255-268},
  MRNUMBER = {56 \#3104},
}

@Article{Springer1982,
  author =	 {Springer, T. A.},
  title =	 {Some remarks on involutions in {Coxeter} groups},
  journal =	 {Comm. Algebra},
  year =	 1982,
  volume =	 10,
  number =	 6,
  pages =	 {631--636},
  MRNUMBER = {83j:20052b},
}

@article {Stembridge2007,
    author = {Stembridge, John R.},
     title = {A short derivation of the {M}\"obius function for the {B}ruhat
              order},
   journal = {J. Algebraic Combin.},
  FJOURNAL = {Journal of Algebraic Combinatorics. An International Journal},
    VOLUME = 25,
      year = 2007,
    NUMBER = 2,
     PAGES = {141--148},
      ISSN = {0925-9899},
     CODEN = {JAOME7},
   MRCLASS = {05E15 (06A07 11B75 20F55)},
  MRNUMBER = {2310418 (2008b:05185)},
MRREVIEWER = {Hugh Ross Thomas},
}

@Article{Wallach1988,
  author = 	 {Wallach, N.},
  title = 	 {{Lie} algebra cohomology and holomorphic continuation of generalized {Jacquet} integrals},
  journal = 	 {Advanced Studies in Pure Math.},
  year = 	 1988,
  volume =	 14,
  pages =	 {123--151}
}

@Article{Willigenburg1998,
  author =	 {van Willigenburg, Stephanie},
  title =	 {A Proof of {Solomon's} Rule},
  journal =	 {J. Algebra},
  year =	 1998,
  volume =	 206,
  pages =	 {693--698},
  MRNUMBER = {99f:20007},
}

@Article{Willigenburg2003,
  author =	 {van Willigenburg, Stephanie},
  title =	 {Properties of the descent algebras of type {$D$}},
  journal =	 {Discrete Mathematics},
  year =	 2003,
  volume =	 269,
  pages =	 {325--332},
 MRNUMBER = {2004d:05204},
}

@Misc{OEIS,
  author =	 {N. J. A. Sloane},
  title =	 {The On-Line Encyclopedia of Integer Sequences},
  howpublished = {published electronically at \url{http://www.research.att.com/~njas/sequences/}},
  year =	 2006
}

@manual{GAP,
    author        = {Martin Sch\"onert and others},
    title         = "{GAP} -- {Groups}, {Algorithms}, and {Programming}",
    year          = 1995,
    edition       = "fifth",
    organization  = LDfM,
note = {Home page: \url{http://www.gap-system.org}.}
}

@Article{chevie,
  author =	 Geck # " and " # Hiss # " and " # Luebeck # " and "
                  # Malle # " and " # Pfeiffer,
  title =	 "{\sf CHEVIE} --- {A} system for computing and
                  processing generic character tables",
  journal =	 AAECC,
  volume =	 7,
  pages =	 "175--210",
  year =	 1996,
  MRNUMBER = {99m:20017},
}

@Misc{monoid,
  author =	 {G. Pfeiffer and others},
  title =	 {Monoid 2.4 -- a {GAP} Share Package for Transformation Monoids},
  howpublished = {Manual},
  year =	 1998,
  note = "Electronically available at
          \url{http://schmidt.nuigalway.ie/monoid}"
}

@Misc{zigzag,
  author = 	 {G\"otz Pfeiffer},
  title = 	 {{ZigZag --- A GAP3 Package for Descent Algebras of Finite Coxeter Groups}},
  howpublished = {electronically available at \url{http://schmidt.nuigalway.ie/zigzag}},
  year = 	 2007}

