@Book{GePf2000,
  author =	 {Geck, M. and Pfeiffer, G.},
  title = 	 {Characters of finite {Coxeter} Groups and {Iwahori-Hecke} algebras},
  publisher = 	 {Oxford University Press},
  year = 	 2000
}

